<?xml version="1.0" encoding="UTF-8"?><collection xmlns="http://www.loc.gov/MARC21/slim"><record><leader>00535nam--2200181-u-4500</leader><controlfield tag="001">000055051</controlfield><controlfield tag="002">20161230</controlfield><controlfield tag="005">20161230201052</controlfield><controlfield tag="008">121025s1000------------r-----000-0-fre-d</controlfield><datafield ind1=" " ind2=" " tag="040"><subfield code="a">IFIN-HH</subfield></datafield><datafield ind1=" " ind2=" " tag="041"><subfield code="a">fre</subfield></datafield><datafield ind1=" " ind2=" " tag="080"><subfield code="a">538.935(043)</subfield></datafield><datafield ind1="1" ind2=" " tag="100"><subfield code="a">Gasiot, J</subfield></datafield><datafield ind1="1" ind2="0" tag="245"><subfield code="a">Quelques points de vue nouveaux sur la stimulation thermique de la conductivite et de la luminiscence dans les solides</subfield><subfield code="b">These</subfield><subfield code="c">J. gasiot</subfield></datafield><datafield ind1=" " ind2=" " tag="260"><subfield code="a">Montpellier</subfield><subfield code="b">Universite</subfield><subfield code="c">1976</subfield></datafield><datafield ind1=" " ind2=" " tag="300"><subfield code="a">156P</subfield></datafield><datafield ind1=" " ind2=" " tag="852"><subfield code="a">44862</subfield><subfield code="c">539.2</subfield></datafield><datafield ind1=" " ind2=" " tag="CAT"><subfield code="a">Sys</subfield><subfield code="c">20121025</subfield><subfield code="h">155833</subfield></datafield></record></collection>